@article{chvatal1979greedy,
  title={A greedy heuristic for the set-covering problem},
  author={Chv{\'a}tal, V.},
  journal={Mathematics of operations research},
  volume={4},
  number={3},
  pages={233--235},
  year={1979},
  publisher={INFORMS}
}